<record><leader>00000cas a2200000 a 4500</leader><controlfield tag="001">33393995</controlfield><controlfield tag="008">951031c18uu9999fluwr ne      0    0eng c</controlfield><datafield ind1=" " ind2=" " tag="010"><subfield code="a">sn 95072059 </subfield></datafield><datafield ind1=" " ind2=" " tag="040"><subfield code="a">NVJ</subfield><subfield code="b">eng</subfield><subfield code="c">NVJ</subfield><subfield code="d">FUG</subfield><subfield code="d">OCLCQ</subfield><subfield code="d">FUG</subfield><subfield code="d">OCLCQ</subfield><subfield code="d">OCLCF</subfield><subfield code="d">OCLCO</subfield></datafield><datafield ind1=" " ind2=" " tag="012"><subfield code="i">9511</subfield></datafield><datafield ind1="1" ind2=" " tag="029"><subfield code="a">AU@</subfield><subfield code="b">000012081929</subfield></datafield><datafield ind1=" " ind2=" " tag="042"><subfield code="a">pcc</subfield></datafield><datafield ind1=" " ind2=" " tag="043"><subfield code="a">n-us-fl</subfield></datafield><datafield ind1="0" ind2="0" tag="245"><subfield code="a">Sumter County times.</subfield></datafield><datafield ind1=" " ind2=" " tag="260"><subfield code="a">Sumterville, Sumter County, Fla. :</subfield><subfield code="b">D.C. Hull</subfield></datafield><datafield ind1=" " ind2=" " tag="300"><subfield code="a">v.</subfield></datafield><datafield ind1=" " ind2=" " tag="310"><subfield code="a">Weekly</subfield></datafield><datafield ind1=" " ind2=" " tag="500"><subfield code="a">Published at: Bushnell, Fla., &lt;1937-1993&gt;.</subfield></datafield><datafield ind1="1" ind2=" " tag="520"><subfield code="a">The Sumter County (FL) Times [LCCN: sn95072059], a weekly, began publishing in the 1880s from Sumterville, Florida. From 1937 through 1993, the newspaper published from Bushnell, Florida. In 1979, the Sumter County Times absorbed the Herald Express [LCCN: sn00229627] which had published in Wildwood (FL) since 1962 under the alternate titles Sumter County's Herald Express and Wildwood's Herald Express. Sumter County, Florida, originally spelled Sumpter, was named in honor of the Revolutionary War hero, General Thomas Sumter. The County, located in central Florida northeast of Tampa and northwest of Orlando, has been the site of the Seminole Wars. The Dade Massacre (present day Pasco County, Florida) in 1835 led to the start of the Second Seminole War (1835-1842). There were a number of boundary modifications in the county towards the end of the 19th century. In 1871, the boundary between Polk County (FL) and Sumter County was altered. In 1872, a portion of Sumter was annexed to Orange County (FL). On May 27, 1887, Lake County (FL) took portions of Sumter County and Orange County, leaving Sumter County with 574 square miles. To this day (ca. 2008), the area remains essentially rural, a true anomaly for central Florida in the age of Disney. Citrus flourished by 1886 with over 100 orange growers in the county. But, the Freeze of 1894 almost destroyed the citrus industry in Sumter County. The area's farmers then turned to cattle ranching which proved more durable and profitable, rivaled only by truck gardening, a form of small scale gardening that flourishes even today (ca. 2008) in this part of Florida. The Sumter County Times deals with these assorted economic disasters, shifting political boundaries and subsequent power changes. --E. Kesse, University of Florida Digital Library Center.</subfield></datafield><datafield ind1=" " ind2=" " tag="530"><subfield code="a">Also issued on microfilm from the University of Florida.</subfield></datafield><datafield ind1=" " ind2=" " tag="588"><subfield code="a">Description based on: Vol. 11, no. 29 (July 3, 1891).</subfield></datafield><datafield ind1=" " ind2=" " tag="588"><subfield code="a">Latest issue consulted: Vol. 114, no. 47 (Nov. 16, 1995).</subfield></datafield><datafield ind1=" " ind2="0" tag="651"><subfield code="a">Sumterville (Fla.)</subfield><subfield code="v">Newspapers.</subfield></datafield><datafield ind1=" " ind2="0" tag="651"><subfield code="a">Bushnell (Fla.)</subfield><subfield code="v">Newspapers.</subfield></datafield><datafield ind1=" " ind2="0" tag="651"><subfield code="a">Sumter County (Fla.)</subfield><subfield code="v">Newspapers.</subfield></datafield><datafield ind1=" " ind2="7" tag="655"><subfield code="a">Newspapers.</subfield><subfield code="2">fast</subfield><subfield code="0">(OCoLC)fst01423814</subfield></datafield><datafield ind1=" " ind2="7" tag="651"><subfield code="a">Florida</subfield><subfield code="z">Bushnell.</subfield><subfield code="2">fast</subfield><subfield code="0">(OCoLC)fst01215367</subfield></datafield><datafield ind1=" " ind2="7" tag="651"><subfield code="a">Florida</subfield><subfield code="z">Sumter County.</subfield><subfield code="2">fast</subfield><subfield code="0">(OCoLC)fst01215229</subfield></datafield><datafield ind1=" " ind2="7" tag="651"><subfield code="a">Florida</subfield><subfield code="z">Sumterville.</subfield><subfield code="2">fast</subfield><subfield code="0">(OCoLC)fst01274282</subfield></datafield><datafield ind1=" " ind2=" " tag="752"><subfield code="a">United States</subfield><subfield code="b">Florida</subfield><subfield code="c">Sumter</subfield><subfield code="d">Bushnell.</subfield></datafield><datafield ind1=" " ind2=" " tag="752"><subfield code="a">United States</subfield><subfield code="b">Florida</subfield><subfield code="c">Sumter</subfield><subfield code="d">Sumterville.</subfield></datafield><datafield ind1="1" ind2=" " tag="776"><subfield code="c">Microfilm</subfield><subfield code="d">George A. Smathers Libraries, University of Florida</subfield><subfield code="w">(DLC)sn 96027611</subfield><subfield code="w">(OCoLC)35206128</subfield></datafield><datafield ind1="0" ind2="5" tag="780"><subfield code="t">Herald express</subfield><subfield code="w">(DLC)sn 00229627</subfield></datafield><datafield ind1=" " ind2=" " tag="850"><subfield code="a">FU</subfield></datafield></record>